<record><leader>00000cas a22000007a 4500</leader><controlfield tag="001">12617764</controlfield><controlfield tag="008">850930d18671918pauwr ne      0    0eng d</controlfield><datafield ind1=" " ind2=" " tag="010"><subfield code="a">sn 85055122 </subfield></datafield><datafield ind1=" " ind2=" " tag="040"><subfield code="a">NPH</subfield><subfield code="b">eng</subfield><subfield code="c">NPH</subfield><subfield code="d">NPX</subfield><subfield code="d">OCLCQ</subfield></datafield><datafield ind1=" " ind2=" " tag="042"><subfield code="a">msc</subfield></datafield><datafield ind1="0" ind2=" " tag="130"><subfield code="a">Tyrone herald (Tyrone, Pa. : 1867)</subfield></datafield><datafield ind1="1" ind2="0" tag="245"><subfield code="a">Tyrone herald.</subfield></datafield><datafield ind1=" " ind2=" " tag="260"><subfield code="a">Tyrone, Pa. :</subfield><subfield code="b">H.R. Holsinger,</subfield><subfield code="c">-1918.</subfield></datafield><datafield ind1=" " ind2=" " tag="300"><subfield code="a">v.</subfield></datafield><datafield ind1=" " ind2=" " tag="310"><subfield code="a">Weekly</subfield></datafield><datafield ind1="1" ind2=" " tag="362"><subfield code="a">Began in Aug. 1867.</subfield><subfield code="z">Cf. Blair Co.'s first hundred years.</subfield></datafield><datafield ind1="0" ind2=" " tag="362"><subfield code="a">-v. 24, no. 52 (Mar. 27, 1890) ; Apr. 3, 1890-Mar. 28, 1918.</subfield></datafield><datafield ind1=" " ind2=" " tag="500"><subfield code="a">Publishers: J.L. Holmes &amp; Charles S.W. Jones, &lt;1868-1869&gt;; Brainard &amp; Jones, &lt;1870&gt;; Charles S.W. Jones &amp; Al Tyhurst, &lt;1876&gt;.</subfield></datafield><datafield ind1=" " ind2=" " tag="500"><subfield code="a">"Republican," &lt;1876&gt;.</subfield></datafield><datafield ind1=" " ind2=" " tag="500"><subfield code="a">Editors: Charles S.W. Jones, &lt;1876&gt;; Al Tyhurst, &lt;1876&gt;.</subfield></datafield><datafield ind1=" " ind2=" " tag="588"><subfield code="a">Description based on: Vol. 1, no. 3 (Aug. 23, 1867).</subfield></datafield><datafield ind1=" " ind2=" " tag="752"><subfield code="a">United States</subfield><subfield code="b">Pennsylvania</subfield><subfield code="c">Blair</subfield><subfield code="d">Tyrone.</subfield></datafield><datafield ind1="0" ind2=" " tag="775"><subfield code="t">Tyrone daily herald</subfield><subfield code="w">(DLC)sn 86083395</subfield></datafield><datafield ind1="1" ind2=" " tag="029"><subfield code="a">AU@</subfield><subfield code="b">000023601888</subfield></datafield></record>